@book{Mogensen10,
    author    = "Torben Mogensen",
    title     = "Basics of Compiler Design",
    year      = "2010",
    publisher = "\url{http://lulu.com}",
    edition   = "Anniversary"
}
